<record xmlns='http://www.loc.gov/MARC21/slim'><leader>01026cas a2200337 a 4500</leader><controlfield tag='001'>28336</controlfield><controlfield tag='005'>20180827172919.0</controlfield><controlfield tag='008'>801027c19809999nyuuu1   r    0   a0eng d</controlfield><datafield ind1=' ' ind2=' ' tag='010'><subfield code='a'>81640040</subfield></datafield><datafield ind1='1' ind2=' ' tag='019'><subfield code='a'>1965531</subfield></datafield><datafield ind1='0' ind2=' ' tag='022'><subfield code='a'>0000-0442</subfield><subfield code='z'>0275-2263</subfield></datafield><datafield ind1=' ' ind2=' ' tag='035'><subfield code='9'>(AuCNLDY)433785</subfield></datafield><datafield ind1=' ' ind2=' ' tag='035'><subfield code='a'>28336</subfield></datafield><datafield ind1=' ' ind2=' ' tag='037'><subfield code='b'>R. R. Bowker Co., 1180 Avenue of the Americas, New York, NY 10036</subfield></datafield><datafield ind1=' ' ind2=' ' tag='040'><subfield code='a'>LC</subfield><subfield code='b'>eng</subfield><subfield code='c'>LC</subfield><subfield code='d'>LC</subfield></datafield><datafield ind1=' ' ind2=' ' tag='042'><subfield code='a'>lc</subfield><subfield code='a'>nsdp</subfield></datafield><datafield ind1=' ' ind2=' ' tag='043'><subfield code='a'>n-us---</subfield><subfield code='a'>n-cn---</subfield></datafield><datafield ind1='0' ind2='0' tag='050'><subfield code='a'>Z475</subfield><subfield code='b'>.L5</subfield></datafield><datafield ind1='0' ind2='4' tag='082'><subfield code='a'>070.5/025/73</subfield></datafield><datafield ind1='0' ind2=' ' tag='210'><subfield code='a'>Libr. resour. mark. place</subfield></datafield><datafield ind1=' ' ind2='0' tag='222'><subfield code='a'>Library resources market place</subfield></datafield><datafield ind1='0' ind2='0' tag='245'><subfield code='a'>Library resources market place :</subfield><subfield code='b'>LRMP.</subfield></datafield><datafield ind1='3' ind2='8' tag='246'><subfield code='a'>LRMP ... with names &amp; numbers</subfield></datafield><datafield ind1='3' ind2='0' tag='246'><subfield code='a'>LRMP</subfield></datafield><datafield ind1=' ' ind2=' ' tag='260'><subfield code='a'>New York :</subfield><subfield code='b'>Bowker,</subfield><subfield code='c'>c1980-</subfield></datafield><datafield ind1=' ' ind2=' ' tag='300'><subfield code='a'>v. ;</subfield><subfield code='c'>28 cm.</subfield></datafield><datafield ind1='0' ind2=' ' tag='362'><subfield code='a'>1980-</subfield></datafield><datafield ind1=' ' ind2='0' tag='650'><subfield code='a'>Publishers and publishing</subfield><subfield code='z'>United States</subfield><subfield code='x'>Directories.</subfield></datafield><datafield ind1=' ' ind2='0' tag='650'><subfield code='a'>Library resources</subfield><subfield code='z'>United States</subfield><subfield code='x'>Directories.</subfield></datafield><datafield ind1=' ' ind2='0' tag='650'><subfield code='a'>Libraries</subfield><subfield code='z'>United States</subfield><subfield code='x'>Directories.</subfield></datafield><datafield ind1='2' ind2=' ' tag='710'><subfield code='a'>R.R. Bowker Company.</subfield></datafield><datafield ind1='0' ind2=' ' tag='880'><subfield code='a'>2434-561X</subfield></datafield></record>
